@book{Jackson,
    title = {Classical {E}lectrodynamics},
    author = {Jackson, J. D.},
    .isbn = {978-0-471-30932-1},
    year = {1998},
    publisher = {Wiley},
    edition = {Third}
}

@book{Griffiths,
    title = {Introduction to {E}lectrodynamics},
    author = {Griffiths, D. J.},
    .isbn = {0-13-805326-X},
    year = {1999},
    publisher = {Prentice Hall},
    edition = {Third}
}

@book{Kantorovich,
    title = {Quantum {T}heory of the {S}olid {S}tate: {A}n introduction},
    author = {Kantorovich, L.},
    .isbn = {978-1-4020-2153-4},
    .doi = {10.1007/978-1-4020-2154-1},
    year = {2004},
    publisher = {Springer},
    edition = {First}
}

@book{Cai,
    title = {Computational methods for electromagnetic phenomena: {E}lectrostatics in solvation, scattering, and electron transport},
    author = {Cai, W.},
    .isbn = {978-1-107-02105-1},
    year = {2013},
    publisher = {Cambridge University Press},
    edition = {First}
}

@book{Brebbia,
    title = {Boundary {E}lements: {A}n introductory course},
    author = {Brebbia, C. A. and Dominguez, J.},
    .isbn = {978-1853123498},
    year = {1992},
    publisher = {WIT Press},
    edition = {Second}
}

@misc{Cooper2015,
    title = {Biomolecular electrostatics with continuum models: {A} {B}oundary {I}ntegral implementation and applications to biosensors},
    author = {Cooper, C. D.},
    year = {2015},
    .URL = {https://open.bu.edu/handle/2144/15650},
    publisher = {OpenBU}
}

@article{Pei-kun,
    title = {Representing an infinite solvent system with a rectangular finite system using image charges},
    journal = {The Journal of Physical Chemistry B},
    volume = {106},
    number = {11},
    pages = {2973-2982},
    year = {2002},
    .doi = {10.1021/jp012900n},
	author={Yang, P. and Liaw, S. and Lim, C.},
    .URL = {https://doi.org/10.1021/jp012900n}
}

@article{APBSmem,
    author = {Callenberg, K. M. and Choudhary, O. P. and de Forest, G. L. and Gohara, D. W.and Baker, N. A. and Grabe, M.},
    journal = {PLOS ONE},
    .publisher = {Public Library of Science},
    title = {A{PBS}mem: {A} graphical interface for electrostatic calculations at the membrane},
    year = {2010},
    volume = {5},
    .url = {https://doi.org/10.1371/journal.pone.0012722},
    pages = {1-12},
    number = {9},
    .doi = {10.1371/journal.pone.0012722}
}

@article{Huimin-Lin,
    title = {Image approximations to electrostatic potentials in layered electrolytes/dielectrics and an ion-channel model},
    author = {Lin, H. and Xu, Z. and Tang, H. and Cai, W.},
    journal = {Journal of Scientific Computing},
    year = {2012},
    volume = {53},
    number = {2},
    pages = {249-267},
    .doi = {10.1007/s10915-011-9567-2},
    .url = {https://doi.org/10.1007/s10915-011-9567-2}
}

@article{Wei-Cai,
    title = {Extending the {F}ast {M}ultipole {M}ethod to charges inside or outside a dielectric sphere},
    author = {Cai, W. and Deng, S. and Jacobs, D.},
    journal = {Journal of Computational Physics},
    year = {2007},
    volume = {223},
    number = {2},
    pages = {846-864},
    .doi = {https://doi.org/10.1016/j.jcp.2006.10.019},
    .url = {http://www.sciencedirect.com/science/article/pii/S0021999106004773}
}

@article{Gan,
    title = {Multiple-image treatment of induced charges in {M}onte {C}arlo simulations of electrolytes near a spherical dielectric interface},
    author = {Gan, Z. and Xu, Z.},
    journal = {Physical Review. E, Statistical, Nonlinear, and Soft Matter Physics},
    year = {2011},
    volume = {84},
    pages = {016705},
    .doi = {10.1103/PhysRevE.84.016705},
}

@article{Roux,
    title={Influence of the Membrane Potential on the Free Energy of an Intrinsic Protein},
    author={Beno\^it Roux},
    journal = {Biophysical Journal},
    year ={1997},
    volume = {73},
    pages={2980-2989},
    .doi = {10.1016/s0006-3495(97)78327-9}
}

@book{Campbell,
    title = {Biología},
    author = {Campbell, N. and Reece, J.},
    .isbn = {978-84-7903-998-1},
    year = {2007},
    publisher = {Editorial Médica Panamericana},
    edition = {Seventh},
    language = {spanish}
}

@book{Alberts,
    title = {Molecular Biology of the Cell},
    author = {Alberts B. et al.},
    .isbn = {978-0-8153-4432-2},
    year = {2015},
    publisher = {WW Norton and Co.},
    edition = {Sixth}
}

@article{Lombard,
    title={Once upon a time the cell membranes: 175 years of cell boundary research},
    author={Lombard, J.},
    journal = {Biology Direct},
    year ={2014},
    volume = {9},
    pages={32},
    .doi = {10.1186/s13062-014-0032-7}
}

@inproceedings{Zhu,
    author = {Zhu, Z. and Huang, J. and Song, B. and White, J.},
    year = {2001},
    pages = {592-597},
    title = {Improving the Robustness of a {S}urface {I}ntegral Formulation for Wideband Impedance Extraction of 3{D} Structures},
    .isbn = {0-7803-7247-6},
    booktitle={IEEE/ACM International Conference on Computer Aided Design. ICCAD 2001. IEEE/ACM Digest of Technical Papers (Cat. No.01CH37281)}, 
    .doi = {10.1109/ICCAD.2001.968718},
    publisher = {IEEE}
}

@article{Hess,
    title = {Calculation of Potential Flow about Arbitrary Bodies},
    journal = {Progress in Aerospace Sciences},
    volume = {8},
    pages = {1-138},
    year = {1967},
    issn = {0376-0421},
    .doi = {https://doi.org/10.1016/0376-0421(67)90003-6},
    .url = {http://www.sciencedirect.com/science/article/pii/0376042167900036},
    author = {Hess, J. L. and Smith, A.M.O.}
}

@book{Durand,
    title = {Electrostatique, {V}ol. 3},
    author = {Durand, E.},
    .isbn = {978-2225521072},
    year = {1966},
    publisher = {Elsevier Masson}
}

@article {Baker,
	author = {Baker, N. A. and Sept, D. and Simpson, J. Holst, M. J. and McCammon, J. A.},
	title = {Electrostatics of Nanosystems: {A}pplication to Microtubules and the Ribosome},
	volume = {98},
	number = {18},
	pages = {10037-10041},
	year = {2001},
	.doi = {10.1073/pnas.181342398},
	publisher = {National Academy of Sciences},
    .URL = {https://www.pnas.org/content/98/18/10037},
    journal = {Proceedings of the National Academy of Sciences}
}

@article{yoon,
    author = {Yoon, B. J. and Lenhoff, A. M.},
    title = {A {B}oundary {E}lement {M}ethod for Molecular Electrostatics with Electrolyte Effects},
    journal = {Journal of Computational Chemistry},
    volume = {11},
    number = {9},
    pages = {1080-1086},
    .doi = {10.1002/jcc.540110911},
    .url = {https://onlinelibrary.wiley.com/doi/abs/10.1002/jcc.540110911},
    year = {1990}
}

@incollection{Andelman,
    title = {Chapter 12 - {E}lectrostatic Properties of Membranes: {T}he {P}oisson-{B}oltzmann {T}heory},
    author = {Andelman, D.},
    series = {Handbook of Biological Physics},
    year = {1995},
    publisher = {North-Holland},
    volume = {1},
    pages = {603-642},
    booktitle = {Structure and Dynamics of Membranes},
    .doi = {https://doi.org/10.1016/S1383-8121(06)80005-9},
    .url = {http://www.sciencedirect.com/science/article/pii/S1383812106800059}
}

@misc{pdb2pqr_1,
    howpublished = "\url{https://apbs-pdb2pqr.readthedocs.io/en/latest/index.html}"
}

@misc{pdb2pqr_2,
    howpublished = "\url{https://apbs-pdb2pqr.readthedocs.io/en/latest/formats/pqr.html}"
}

@article{glossary_of_chem_terms,
    title = {Glossary of Terms used in {T}heoretical {O}rganic {C}hemistry},
    author = {Minkin, V.},
    year = {2009},
    journal = {Pure and Applied Chemistry},
    volume = {71},
    number = {10},
    pages = {1919-1981},
    .doi = {10.1351/pac199971101919}
}

@misc{apbsmem_website,
    howpublished = "\url{https://apbsmem.sourceforge.io}"
}







